@book{kanetani2003,
title = {これなら分かる応用数学教室―最小二乗法からウェーブレットまで},
author = {金谷 健一},
publisher = {共立出版},
year = {2003}
}
@book{Matsuo2007,
title = {バイオプラグラミング},
author = {松尾 洋},
publisher = {Ohmsha},
year = {2007}
}
@book{Allen1987,
title = {Computer Simulation of Liquids゙},
author = {Allen, M. P.; Tildesley, D. J. },
publisher = {CLARENDON PRESS, OXFORD},
year = {1987}
}
@book{Ueda2003,
title = {分子シミュレーション−古典系から量子系手法まで゙-},
author = {上田 顯},
publisher = {裳華房},
year = {2003}
}
@book{Okazaki2013,
title = {コンピュータ・シミュレーションの基礎 [第2版]},
author = {岡崎 進, 吉井 範行},
publisher = {化学同人},
year = {2013}
}
@book{Kamiyama2009,
title = {タンパク質計算科学},
author = {神山 成敏, 肥後 順一, 福西 快文, 中村 春木},
publisher = {共立出版},
year = {2009}
}
@book{Yotuji2010,
title = {計算機シミュレーションのための確率分布乱数生成法},
author = {四辻哲章},
publisher = {プレアデス出版},
year = {2010}
}
@article{Matsumoto1998,
author = {Matsumoto, M.; Nishimura},
journal = {T. ACM Trans. Model. Comput. Simul.},
number = {8},
pages = {3-30},
volume = {1},
year = {1998}
}
@article{Wood1957,
author = {Wood, W. W.; Parker, F. R.},
journal = {The Journal of Chemical Physics},
title={Monte Carlo Equation of State of Molecules Interacting with the Lennard-Jones Potential. I. A Supercritical Isotherm at about Twice the Critical Temperature.},
number = {27},
pages = {720},
volume = {3},
year = {1957},
doi = {doi:10.1063/1.1743822}
}
@misc{PDB2008,
title = {Protein Data Bank Contents Guide: Atomic Coordinate Entry Format Description Version 3.30},
year = {2008}
}
@misc{MersenneTwister1997,
title = {Mersenne Twister: A random number generator (http://www.math.sci.hiroshima-u.ac.jp/~m-mat/MT/mt.html.)},
howtopublished={http://www.math.sci.hiroshima-u.ac.jp/~m-mat/MT/mt.html.}
}
